<record><leader>00000cas a2200000 a 4500</leader><controlfield tag="001">9534658</controlfield><controlfield tag="008">830523d19131990ncudn ne      0    0eng c</controlfield><datafield ind1=" " ind2=" " tag="010"><subfield code="a">sn 84020732 </subfield></datafield><datafield ind1=" " ind2=" " tag="040"><subfield code="a">NDD</subfield><subfield code="b">eng</subfield><subfield code="c">NDD</subfield><subfield code="d">DLC</subfield><subfield code="d">NLG</subfield><subfield code="d">NSD</subfield><subfield code="d">NVJ</subfield><subfield code="d">DLC</subfield><subfield code="d">OCLCQ</subfield><subfield code="d">OCLCF</subfield><subfield code="d">OCLCO</subfield></datafield><datafield ind1="1" ind2=" " tag="029"><subfield code="a">AU@</subfield><subfield code="b">000020344301</subfield></datafield><datafield ind1=" " ind2=" " tag="042"><subfield code="a">pcc</subfield></datafield><datafield ind1=" " ind2=" " tag="043"><subfield code="a">n-us-nc</subfield></datafield><datafield ind1="0" ind2="0" tag="050"><subfield code="a">Newspaper</subfield></datafield><datafield ind1="0" ind2="4" tag="245"><subfield code="a">The Durham sun.</subfield></datafield><datafield ind1="1" ind2=" " tag="246"><subfield code="i">On Sundays published as:</subfield><subfield code="a">Sunday sun</subfield><subfield code="f">&lt;July 15, 1917&gt;</subfield></datafield><datafield ind1=" " ind2=" " tag="250"><subfield code="a">Evening ed.</subfield></datafield><datafield ind1=" " ind2=" " tag="260"><subfield code="a">Durham, N.C. :</subfield><subfield code="b">Durham Sun Pub. Co.</subfield></datafield><datafield ind1=" " ind2=" " tag="300"><subfield code="a">v.</subfield></datafield><datafield ind1=" " ind2=" " tag="310"><subfield code="a">Daily (except Sunday),</subfield><subfield code="b">Aug. 5, 1929-Dec. 31, 1990</subfield></datafield><datafield ind1=" " ind2=" " tag="321"><subfield code="a">Daily (except Sunday),</subfield><subfield code="b">&lt;Dec. 18, 1914&gt;-&lt;Mar. 2, 1916&gt;</subfield></datafield><datafield ind1=" " ind2=" " tag="321"><subfield code="a">Daily (except Saturday),</subfield><subfield code="b">&lt;July 15, 1917&gt;-Aug. 4, 1929</subfield></datafield><datafield ind1="1" ind2=" " tag="362"><subfield code="a">Began in 1913?</subfield></datafield><datafield ind1="0" ind2=" " tag="362"><subfield code="a">-v. 101, no. 245 (Dec. 31, 1990).</subfield></datafield><datafield ind1=" " ind2=" " tag="500"><subfield code="a">The Durham sun was acquired by the Durham morning herald on Aug. 1, 1929, which continued to publish both titles (except for the Sunday ed.), as separate papers. Sunday issues dated after the merger cataloged as part of the Durham morning herald.</subfield></datafield><datafield ind1=" " ind2=" " tag="580"><subfield code="a">Merged with: Durham morning herald, to become: Herald-sun.</subfield></datafield><datafield ind1=" " ind2=" " tag="588"><subfield code="a">Description based on: 27th year (Dec. 18, 1914).</subfield></datafield><datafield ind1=" " ind2="0" tag="651"><subfield code="a">Durham (N.C.)</subfield><subfield code="v">Newspapers.</subfield></datafield><datafield ind1=" " ind2="7" tag="655"><subfield code="a">Newspapers.</subfield><subfield code="2">fast</subfield><subfield code="0">(OCoLC)fst01423814</subfield></datafield><datafield ind1=" " ind2="7" tag="651"><subfield code="a">North Carolina</subfield><subfield code="z">Durham.</subfield><subfield code="2">fast</subfield><subfield code="0">(OCoLC)fst01207378</subfield></datafield><datafield ind1=" " ind2=" " tag="752"><subfield code="a">United States</subfield><subfield code="b">North Carolina</subfield><subfield code="c">Durham</subfield><subfield code="d">Durham.</subfield></datafield><datafield ind1="1" ind2=" " tag="776"><subfield code="t">Durham sun (microfilm)</subfield><subfield code="w">(OCoLC)9534768</subfield></datafield><datafield ind1="0" ind2="0" tag="780"><subfield code="t">Durham daily sun</subfield><subfield code="w">(DLC)sn 89053849</subfield><subfield code="w">(OCoLC)20859005</subfield></datafield><datafield ind1="1" ind2="7" tag="785"><subfield code="t">Durham morning herald</subfield><subfield code="w">(DLC)sn 84020730</subfield><subfield code="w">(OCoLC)9519676</subfield></datafield><datafield ind1="1" ind2="7" tag="785"><subfield code="t">Herald-sun</subfield><subfield code="x">1055-4467</subfield><subfield code="w">(DLC)sn 91000159</subfield><subfield code="w">(OCoLC)22992790</subfield></datafield></record>